<record><leader>00000cas a22000007a 4500</leader><controlfield tag="001">20162784</controlfield><controlfield tag="008">890811d18851889nduwr ne      0    0nor d</controlfield><datafield ind1=" " ind2=" " tag="010"><subfield code="a">sn 89074946 </subfield></datafield><datafield ind1=" " ind2=" " tag="040"><subfield code="a">NOP</subfield><subfield code="b">eng</subfield><subfield code="c">NOP</subfield><subfield code="d">OCLCQ</subfield></datafield><datafield ind1=" " ind2=" " tag="042"><subfield code="a">msc</subfield></datafield><datafield ind1="0" ind2=" " tag="130"><subfield code="a">Fargo-Posten (Fargo, N.D. : 1885)</subfield></datafield><datafield ind1="1" ind2="0" tag="245"><subfield code="a">Fargo-Posten.</subfield></datafield><datafield ind1=" " ind2=" " tag="260"><subfield code="a">Fargo, D.T. [N.D.] og Moorhead, Minn. :</subfield><subfield code="b">P.T. Julseth</subfield></datafield><datafield ind1=" " ind2=" " tag="300"><subfield code="a">v. ;</subfield><subfield code="c">53-64 cm.</subfield></datafield><datafield ind1=" " ind2=" " tag="310"><subfield code="a">Weekly</subfield></datafield><datafield ind1="0" ind2=" " tag="362"><subfield code="a">1. Aarg., no. 1 (24de Jan. 1885)-</subfield></datafield><datafield ind1="1" ind2=" " tag="362"><subfield code="a">Ceased May 16, 1889.</subfield></datafield><datafield ind1=" " ind2=" " tag="515"><subfield code="a">Some issues misdated.</subfield></datafield><datafield ind1=" " ind2=" " tag="530"><subfield code="a">Available on microfilm from the State Historical Society of North Dakota.</subfield></datafield><datafield ind1=" " ind2=" " tag="752"><subfield code="a">United States</subfield><subfield code="b">North Dakota</subfield><subfield code="c">Cass</subfield><subfield code="d">Fargo.</subfield></datafield><datafield ind1=" " ind2=" " tag="752"><subfield code="a">United States</subfield><subfield code="b">Minnesota</subfield><subfield code="c">Clay</subfield><subfield code="d">Moorhead.</subfield></datafield><datafield ind1="0" ind2="7" tag="785"><subfield code="t">Vesten</subfield><subfield code="w">(DLC)sn 89074225</subfield></datafield><datafield ind1="0" ind2="7" tag="785"><subfield code="t">Fargo Posten og Vesten</subfield><subfield code="w">(DLC)sn 89074226</subfield></datafield></record>